<?xml version="1.0" encoding="UTF-8"?>
  <record xmlns="http://www.loc.gov/MARC21/slim" type="Authority">
    <leader>00000nz  a2200000nc 4500</leader>
    <controlfield tag="001">11859334X</controlfield>
    <controlfield tag="003">DE-101</controlfield>
    <controlfield tag="005">20220604100918.0</controlfield>
    <controlfield tag="008">880701n||azznnaabn           | aaa    |c</controlfield>
    <datafield tag="024" ind1="7" ind2=" ">
      <subfield code="a">11859334X</subfield>
      <subfield code="0">http://d-nb.info/gnd/11859334X</subfield>
      <subfield code="2">gnd</subfield>
    </datafield>
    <datafield tag="035" ind1=" " ind2=" ">
      <subfield code="a">(DE-101)11859334X</subfield>
    </datafield>
    <datafield tag="035" ind1=" " ind2=" ">
      <subfield code="a">(DE-588)11859334X</subfield>
    </datafield>
    <datafield tag="035" ind1=" " ind2=" ">
      <subfield code="z">(DE-588)108991055X</subfield>
    </datafield>
    <datafield tag="035" ind1=" " ind2=" ">
      <subfield code="z">(DE-588)176989455</subfield>
    </datafield>
    <datafield tag="035" ind1=" " ind2=" ">
      <subfield code="z">(DE-588a)176989455</subfield>
      <subfield code="9">v:zg</subfield>
    </datafield>
    <datafield tag="035" ind1=" " ind2=" ">
      <subfield code="z">(DE-588a)11859334X</subfield>
      <subfield code="9">v:zg</subfield>
    </datafield>
    <datafield tag="035" ind1=" " ind2=" ">
      <subfield code="z">(DE-588c)4045402-2</subfield>
      <subfield code="9">v:zg</subfield>
    </datafield>
    <datafield tag="040" ind1=" " ind2=" ">
      <subfield code="a">DE-101</subfield>
      <subfield code="c">DE-101</subfield>
      <subfield code="9">r:DE-101</subfield>
      <subfield code="b">ger</subfield>
      <subfield code="d">1210</subfield>
      <subfield code="e">rda</subfield>
    </datafield>
    <datafield tag="042" ind1=" " ind2=" ">
      <subfield code="a">gnd1</subfield>
    </datafield>
    <datafield tag="043" ind1=" " ind2=" ">
      <subfield code="c">XA-IT</subfield>
      <subfield code="c">XA-FR</subfield>
    </datafield>
    <datafield tag="065" ind1=" " ind2=" ">
      <subfield code="a">3.6p</subfield>
      <subfield code="2">sswd</subfield>
    </datafield>
    <datafield tag="065" ind1=" " ind2=" ">
      <subfield code="a">4.7p</subfield>
      <subfield code="2">sswd</subfield>
    </datafield>
    <datafield tag="075" ind1=" " ind2=" ">
      <subfield code="b">p</subfield>
      <subfield code="2">gndgen</subfield>
    </datafield>
    <datafield tag="075" ind1=" " ind2=" ">
      <subfield code="b">piz</subfield>
      <subfield code="2">gndspec</subfield>
    </datafield>
    <datafield tag="079" ind1=" " ind2=" ">
      <subfield code="a">g</subfield>
      <subfield code="q">s</subfield>
      <subfield code="q">f</subfield>
      <subfield code="q">n</subfield>
      <subfield code="q">a</subfield>
      <subfield code="u">v</subfield>
      <subfield code="u">w</subfield>
      <subfield code="u">o</subfield>
    </datafield>
    <datafield tag="100" ind1="0" ind2=" ">
      <subfield code="a">Petrus</subfield>
      <subfield code="c">Paris, Bischof</subfield>
      <subfield code="d">1095-1160</subfield>
    </datafield>
    <datafield tag="375" ind1=" " ind2=" ">
      <subfield code="a">1</subfield>
      <subfield code="2">iso5218</subfield>
    </datafield>
    <datafield tag="400" ind1="0" ind2=" ">
      <subfield code="a">Petrus</subfield>
      <subfield code="c">Lombardus, Paris, Bischof</subfield>
      <subfield code="d">1095-1160</subfield>
    </datafield>
    <datafield tag="400" ind1="1" ind2=" ">
      <subfield code="a">Lombardo, Pietro</subfield>
      <subfield code="d">1095-1160</subfield>
    </datafield>
    <datafield tag="400" ind1="0" ind2=" ">
      <subfield code="a">Petrus Lombardus</subfield>
      <subfield code="d">1095-1160</subfield>
      <subfield code="9">v:(VD-16)</subfield>
    </datafield>
    <datafield tag="400" ind1="0" ind2=" ">
      <subfield code="a">Magister Sententiarum</subfield>
      <subfield code="d">1095-1160</subfield>
    </datafield>
    <datafield tag="400" ind1="0" ind2=" ">
      <subfield code="a">Magister noster in Sententiis</subfield>
      <subfield code="d">1095-1160</subfield>
    </datafield>
    <datafield tag="400" ind1="1" ind2=" ">
      <subfield code="a">Lombard, Peter</subfield>
      <subfield code="d">1095-1160</subfield>
    </datafield>
    <datafield tag="400" ind1="0" ind2=" ">
      <subfield code="a">Petrus</subfield>
      <subfield code="c">Longobardus</subfield>
      <subfield code="d">1095-1160</subfield>
    </datafield>
    <datafield tag="400" ind1="0" ind2=" ">
      <subfield code="a">Petrus</subfield>
      <subfield code="c">of Paris</subfield>
      <subfield code="d">1095-1160</subfield>
    </datafield>
    <datafield tag="400" ind1="0" ind2=" ">
      <subfield code="a">Petrus</subfield>
      <subfield code="c">Parisiensis</subfield>
      <subfield code="d">1095-1160</subfield>
    </datafield>
    <datafield tag="400" ind1="0" ind2=" ">
      <subfield code="a">Pierre</subfield>
      <subfield code="c">Lombard</subfield>
      <subfield code="d">1095-1160</subfield>
    </datafield>
    <datafield tag="400" ind1="1" ind2=" ">
      <subfield code="a">Lombard, Pierre</subfield>
      <subfield code="d">1095-1160</subfield>
    </datafield>
    <datafield tag="400" ind1="0" ind2=" ">
      <subfield code="a">Richardus</subfield>
      <subfield code="c">Cenomanus</subfield>
      <subfield code="d">1095-1160</subfield>
    </datafield>
    <datafield tag="400" ind1="1" ind2=" ">
      <subfield code="a">Lombard, Petrus</subfield>
      <subfield code="d">1095-1160</subfield>
    </datafield>
    <datafield tag="400" ind1="1" ind2=" ">
      <subfield code="a">Lombardus, Petrus</subfield>
      <subfield code="d">1095-1160</subfield>
    </datafield>
    <datafield tag="400" ind1="0" ind2=" ">
      <subfield code="a">Pietro</subfield>
      <subfield code="c">Lombardo</subfield>
      <subfield code="d">1095-1160</subfield>
    </datafield>
    <datafield tag="400" ind1="0" ind2=" ">
      <subfield code="a">Peter Lombard</subfield>
      <subfield code="c">Bishop of Paris</subfield>
      <subfield code="d">1095-1160</subfield>
    </datafield>
    <datafield tag="400" ind1="0" ind2=" ">
      <subfield code="a">Peter</subfield>
      <subfield code="c">Lombard</subfield>
      <subfield code="d">1095-1160</subfield>
    </datafield>
    <datafield tag="500" ind1="0" ind2=" ">
      <subfield code="a">Aegidius</subfield>
      <subfield code="c">aus Rom</subfield>
      <subfield code="4">beza</subfield>
      <subfield code="4">https://d-nb.info/standards/elementset/gnd#acquaintanceshipOrFriendship</subfield>
      <subfield code="w">r</subfield>
      <subfield code="i">Bekanntschaft</subfield>
      <subfield code="e">Bekanntschaft</subfield>
      <subfield code="9">v:VD-16 Mitverf.</subfield>
    </datafield>
    <datafield tag="500" ind1="0" ind2=" ">
      <subfield code="a">Bandinus</subfield>
      <subfield code="4">beza</subfield>
      <subfield code="4">https://d-nb.info/standards/elementset/gnd#acquaintanceshipOrFriendship</subfield>
      <subfield code="w">r</subfield>
      <subfield code="i">Bekanntschaft</subfield>
      <subfield code="e">Bekanntschaft</subfield>
      <subfield code="9">v:VD-16 Mitverf.</subfield>
    </datafield>
    <datafield tag="500" ind1="0" ind2=" ">
      <subfield code="a">Henricus</subfield>
      <subfield code="c">aus Friemar</subfield>
      <subfield code="4">beza</subfield>
      <subfield code="4">https://d-nb.info/standards/elementset/gnd#acquaintanceshipOrFriendship</subfield>
      <subfield code="w">r</subfield>
      <subfield code="i">Bekanntschaft</subfield>
      <subfield code="e">Bekanntschaft</subfield>
      <subfield code="9">v:VD-16 Mitverf.</subfield>
    </datafield>
    <datafield tag="500" ind1="0" ind2=" ">
      <subfield code="a">Henricus</subfield>
      <subfield code="c">aus Gorkum</subfield>
      <subfield code="4">beza</subfield>
      <subfield code="4">https://d-nb.info/standards/elementset/gnd#acquaintanceshipOrFriendship</subfield>
      <subfield code="w">r</subfield>
      <subfield code="i">Bekanntschaft</subfield>
      <subfield code="e">Bekanntschaft</subfield>
      <subfield code="9">v:VD-16 Mitverf.</subfield>
    </datafield>
    <datafield tag="500" ind1="1" ind2=" ">
      <subfield code="0">(DE-101)118910051</subfield>
      <subfield code="0">(DE-588)118910051</subfield>
      <subfield code="0">https://d-nb.info/gnd/118910051</subfield>
      <subfield code="a">Horneck, Burckhard &#152;von&#156;</subfield>
      <subfield code="d">1433-1522</subfield>
      <subfield code="4">beza</subfield>
      <subfield code="4">https://d-nb.info/standards/elementset/gnd#acquaintanceshipOrFriendship</subfield>
      <subfield code="w">r</subfield>
      <subfield code="i">Bekanntschaft</subfield>
      <subfield code="e">Bekanntschaft</subfield>
      <subfield code="9">v:VD-16 Mitverf.</subfield>
    </datafield>
    <datafield tag="500" ind1="1" ind2=" ">
      <subfield code="0">(DE-101)119761025</subfield>
      <subfield code="0">(DE-588)119761025</subfield>
      <subfield code="0">https://d-nb.info/gnd/119761025</subfield>
      <subfield code="a">Meyer, Daniel</subfield>
      <subfield code="d">1490-1540</subfield>
      <subfield code="4">beza</subfield>
      <subfield code="4">https://d-nb.info/standards/elementset/gnd#acquaintanceshipOrFriendship</subfield>
      <subfield code="w">r</subfield>
      <subfield code="i">Bekanntschaft</subfield>
      <subfield code="e">Bekanntschaft</subfield>
      <subfield code="9">v:VD-16 Mitverf.</subfield>
    </datafield>
    <datafield tag="500" ind1="1" ind2=" ">
      <subfield code="0">(DE-101)100103014</subfield>
      <subfield code="0">(DE-588)100103014</subfield>
      <subfield code="0">https://d-nb.info/gnd/100103014</subfield>
      <subfield code="a">Mouchy, Antoine &#152;de&#156;</subfield>
      <subfield code="d">1494-1574</subfield>
      <subfield code="4">beza</subfield>
      <subfield code="4">https://d-nb.info/standards/elementset/gnd#acquaintanceshipOrFriendship</subfield>
      <subfield code="w">r</subfield>
      <subfield code="i">Bekanntschaft</subfield>
      <subfield code="e">Bekanntschaft</subfield>
      <subfield code="9">v:VD-16 Mitverf.</subfield>
    </datafield>
    <datafield tag="500" ind1="1" ind2=" ">
      <subfield code="a">Schwalbe, Benedikt</subfield>
      <subfield code="4">beza</subfield>
      <subfield code="4">https://d-nb.info/standards/elementset/gnd#acquaintanceshipOrFriendship</subfield>
      <subfield code="w">r</subfield>
      <subfield code="i">Bekanntschaft</subfield>
      <subfield code="e">Bekanntschaft</subfield>
      <subfield code="9">v:VD-16 Mitverf.</subfield>
    </datafield>
    <datafield tag="500" ind1="1" ind2=" ">
      <subfield code="0">(DE-101)11852870X</subfield>
      <subfield code="0">(DE-588)11852870X</subfield>
      <subfield code="0">https://d-nb.info/gnd/11852870X</subfield>
      <subfield code="a">Eck, Johannes</subfield>
      <subfield code="d">1486-1543</subfield>
      <subfield code="4">beza</subfield>
      <subfield code="4">https://d-nb.info/standards/elementset/gnd#acquaintanceshipOrFriendship</subfield>
      <subfield code="w">r</subfield>
      <subfield code="i">Bekanntschaft</subfield>
      <subfield code="e">Bekanntschaft</subfield>
      <subfield code="9">v:VD-16 Mitverf.</subfield>
    </datafield>
    <datafield tag="500" ind1="1" ind2=" ">
      <subfield code="a">Hartmanni, Andreas</subfield>
      <subfield code="4">beza</subfield>
      <subfield code="4">https://d-nb.info/standards/elementset/gnd#acquaintanceshipOrFriendship</subfield>
      <subfield code="w">r</subfield>
      <subfield code="i">Bekanntschaft</subfield>
      <subfield code="e">Bekanntschaft</subfield>
      <subfield code="9">v:VD-16 Mitverf.</subfield>
    </datafield>
    <datafield tag="548" ind1=" " ind2=" ">
      <subfield code="a">1095-1160</subfield>
      <subfield code="4">datl</subfield>
      <subfield code="4">https://d-nb.info/standards/elementset/gnd#dateOfBirthAndDeath</subfield>
      <subfield code="w">r</subfield>
      <subfield code="i">Lebensdaten</subfield>
      <subfield code="9">v:Geburtsjahr ca.</subfield>
    </datafield>
    <datafield tag="550" ind1=" " ind2=" ">
      <subfield code="0">(DE-101)040069494</subfield>
      <subfield code="0">(DE-588)4006949-7</subfield>
      <subfield code="0">https://d-nb.info/gnd/4006949-7</subfield>
      <subfield code="a">Bischof</subfield>
      <subfield code="4">berc</subfield>
      <subfield code="4">https://d-nb.info/standards/elementset/gnd#professionOrOccupation</subfield>
      <subfield code="w">r</subfield>
      <subfield code="i">Charakteristischer Beruf</subfield>
    </datafield>
    <datafield tag="551" ind1=" " ind2=" ">
      <subfield code="a">Lumellogno (Piemont)</subfield>
      <subfield code="4">ortg</subfield>
      <subfield code="4">https://d-nb.info/standards/elementset/gnd#placeOfBirth</subfield>
      <subfield code="w">r</subfield>
      <subfield code="i">Geburtsort</subfield>
    </datafield>
    <datafield tag="551" ind1=" " ind2=" ">
      <subfield code="0">(DE-101)040446603</subfield>
      <subfield code="0">(DE-588)4044660-8</subfield>
      <subfield code="0">https://d-nb.info/gnd/4044660-8</subfield>
      <subfield code="a">Paris</subfield>
      <subfield code="4">orts</subfield>
      <subfield code="4">https://d-nb.info/standards/elementset/gnd#placeOfDeath</subfield>
      <subfield code="w">r</subfield>
      <subfield code="i">Sterbeort</subfield>
    </datafield>
    <datafield tag="670" ind1=" " ind2=" ">
      <subfield code="a">Brockhaus online</subfield>
      <subfield code="b">Stand: 18.04.2021</subfield>
      <subfield code="u">https://brockhaus-1de-10082b6ww02a1.emedia1.bsb-muenchen.de/ecs/enzy/article/petrus-lombardus</subfield>
    </datafield>
    <datafield tag="672" ind1=" " ind2="0">
      <subfield code="a">Petrus &lt;Lombardus&gt;: Petri Lombardi ... in totum psalterium eximii prophetarum David com*</subfield>
      <subfield code="f">1541</subfield>
    </datafield>
    <datafield tag="672" ind1=" " ind2="0">
      <subfield code="a">Petrus &lt;Lombardus&gt;: Textus Sententiarum</subfield>
      <subfield code="f">1510</subfield>
    </datafield>
    <datafield tag="672" ind1=" " ind2="0">
      <subfield code="a">Petrus &lt;Lombardus&gt;: Sententiarum libri IV</subfield>
      <subfield code="f">1546</subfield>
    </datafield>
    <datafield tag="672" ind1=" " ind2="0">
      <subfield code="a">Petrus &lt;Lombardus&gt;: Sententiarum libri IV</subfield>
      <subfield code="f">1557</subfield>
    </datafield>
    <datafield tag="672" ind1=" " ind2="0">
      <subfield code="a">Petrus &lt;Lombardus&gt;: Sententiarum libri IV</subfield>
      <subfield code="f">1560</subfield>
    </datafield>
    <datafield tag="672" ind1=" " ind2="0">
      <subfield code="a">Petrus &lt;Lombardus&gt;: Libri IV Sententiarum</subfield>
      <subfield code="f">1574</subfield>
    </datafield>
    <datafield tag="672" ind1=" " ind2="0">
      <subfield code="a">Petrus &lt;Lombardus&gt;: Sententiarum libri IV</subfield>
      <subfield code="f">1754</subfield>
    </datafield>
    <datafield tag="672" ind1=" " ind2="0">
      <subfield code="a">Petrus &lt;Lombardus&gt;: Examen Doctrinae Sorboniae, de Eucharistiae Sacramento</subfield>
      <subfield code="f">1566</subfield>
    </datafield>
    <datafield tag="672" ind1=" " ind2="0">
      <subfield code="a">Petrus &lt;Lombardus&gt;: Petri Lombardi ... libri quatuor sententiarum</subfield>
      <subfield code="f">1576</subfield>
    </datafield>
    <datafield tag="672" ind1=" " ind2="0">
      <subfield code="a">Horneck, Burchardus de: Compendium theologiae</subfield>
      <subfield code="f">1515</subfield>
    </datafield>
    <datafield tag="672" ind1=" " ind2="0">
      <subfield code="a">Petrus Lombardus: Petri Lombardi Parrhysiensis ecclesie quondam antistitis viri diuinarũ rerũ eruditissimi ... 1513. (VD16 P 1872)</subfield>
    </datafield>
    <datafield tag="672" ind1=" " ind2="0">
      <subfield code="a">Petrus Lombardus: PETRI LOMBARDI EPISCOPI PARISIENSIS SENTENTIARVM LIBRI IIII. Post omnes omnium ... 1566. (VD16 P 1874)</subfield>
    </datafield>
    <datafield tag="672" ind1=" " ind2="0">
      <subfield code="a">Petrus Lombardus: Textus Sententia\[rum] Cum conclusionibus:et partitione textus Henrici Gorichem. Cum ... 1510. (VD16 P 1871)</subfield>
    </datafield>
    <datafield tag="672" ind1=" " ind2="0">
      <subfield code="a">Petrus Lombardus: Petri Lombardi Parrhysiensis ecclesie quondam antistitis: viri diuinarũ rerũ ... 1516. (VD16 P 1873)</subfield>
    </datafield>
    <datafield tag="672" ind1=" " ind2="0">
      <subfield code="a">Petrus Lombardus: Textus Sententia\[rum] Cũ conclusionibus magistri Henrici Gorichem \[et] concordantijs Biblie ac ... 1502. (VD16 P 1869)</subfield>
    </datafield>
    <datafield tag="672" ind1=" " ind2="0">
      <subfield code="a">Petrus Lombardus: Von dem hochwirdigen Sacramẽt vnder beder gestalt: aus dem vierden b°uch Sententiarum.. 1522. (VD16 P 1878)</subfield>
    </datafield>
    <datafield tag="672" ind1=" " ind2="0">
      <subfield code="a">Petrus Lombardus: BANDINI VIRI DOCTISSIMI SENTENTIARVM THEOLOGICArum libri guattuor quamdiligentissime ... 1519. (VD16 P 1877)</subfield>
    </datafield>
    <datafield tag="672" ind1=" " ind2="0">
      <subfield code="a">Petrus Lombardus: Textus Sententia\[rum] Cum cõclusionibus:et partitiõe textus Henrici Gorichem. Cum ... 1507. (VD16 P 1870)</subfield>
    </datafield>
    <datafield tag="672" ind1=" " ind2="0">
      <subfield code="a">Petrus Lombardus: PETRI LOMBARDI NOVARIENSIS QVONDAM EPISCOPI PARISIENSIS LIBRI QVATVOR SENTENTIARVM, ... 1576. (VD16 P 1875)</subfield>
    </datafield>
    <datafield tag="672" ind1=" " ind2="0">
      <subfield code="a">Petrus Lombardus: Compendiũ Theologiae,excerptũ e Quattuor Libris Sententiarum Magistri Petri Lombardi,nõ ... 1515. (VD16 P 1876)</subfield>
    </datafield>
    <datafield tag="678" ind1=" " ind2=" ">
      <subfield code="b">Ital. scholastischer Theologe; ab 1159 Bischof von Paris</subfield>
    </datafield>
    <datafield tag="700" ind1="0" ind2="4">
      <subfield code="a">Peter</subfield>
      <subfield code="c">Lombard</subfield>
      <subfield code="d">1095-1160</subfield>
      <subfield code="9">v:Bishop of Paris ;ca. 1100-1160</subfield>
    </datafield>
    <datafield tag="913" ind1=" " ind2=" ">
      <subfield code="S">pnd</subfield>
      <subfield code="i">5</subfield>
      <subfield code="a">Petrus &lt;Lombardus&gt;</subfield>
      <subfield code="0">(DE-588a)11859334X</subfield>
    </datafield>
    <datafield tag="913" ind1=" " ind2=" ">
      <subfield code="S">pnd</subfield>
      <subfield code="i">5</subfield>
      <subfield code="a">Petrus &lt;Lombardus&gt;</subfield>
      <subfield code="0">(DE-588a)176989455</subfield>
    </datafield>
  </record>
